<record><leader>00000cas a22000007a 4500</leader><controlfield tag="001">10954507</controlfield><controlfield tag="008">840716d185u186ualuwr ne      0    0eng d</controlfield><datafield ind1=" " ind2=" " tag="010"><subfield code="a">sn 84023480 </subfield></datafield><datafield ind1=" " ind2=" " tag="040"><subfield code="a">AQM</subfield><subfield code="b">eng</subfield><subfield code="c">AQM</subfield><subfield code="d">NPX</subfield><subfield code="d">CPN</subfield><subfield code="d">NVJ</subfield><subfield code="d">FUG</subfield><subfield code="d">OCL</subfield><subfield code="d">OCLCQ</subfield><subfield code="d">OCLCF</subfield><subfield code="d">OCLCO</subfield></datafield><datafield ind1=" " ind2=" " tag="042"><subfield code="a">msc</subfield></datafield><datafield ind1=" " ind2=" " tag="043"><subfield code="a">n-us-al</subfield></datafield><datafield ind1="0" ind2="4" tag="245"><subfield code="a">The Alabama Whig.</subfield></datafield><datafield ind1="1" ind2="7" tag="246"><subfield code="a">Whig</subfield></datafield><datafield ind1=" " ind2=" " tag="260"><subfield code="a">Eutaw, Ala. :</subfield><subfield code="b">James W. Sparrow &amp; Wm. H. Fowler</subfield></datafield><datafield ind1=" " ind2=" " tag="300"><subfield code="a">v. ;</subfield><subfield code="c">61 cm.</subfield></datafield><datafield ind1=" " ind2=" " tag="310"><subfield code="a">Weekly</subfield></datafield><datafield ind1=" " ind2=" " tag="500"><subfield code="a">"Whig and American."</subfield></datafield><datafield ind1=" " ind2=" " tag="588"><subfield code="a">Description based on: Vol. 2, no. 137 (Nov. 7, 1851).</subfield></datafield><datafield ind1=" " ind2="0" tag="651"><subfield code="a">Eutaw (Ala.)</subfield><subfield code="v">Newspapers.</subfield></datafield><datafield ind1=" " ind2="0" tag="651"><subfield code="a">Greene County (Ala.)</subfield><subfield code="v">Newspapers.</subfield></datafield><datafield ind1=" " ind2="7" tag="655"><subfield code="a">Newspapers.</subfield><subfield code="2">fast</subfield><subfield code="0">(OCoLC)fst01423814</subfield></datafield><datafield ind1=" " ind2="7" tag="651"><subfield code="a">Alabama</subfield><subfield code="z">Eutaw.</subfield><subfield code="2">fast</subfield><subfield code="0">(OCoLC)fst01205987</subfield></datafield><datafield ind1=" " ind2="7" tag="651"><subfield code="a">Alabama</subfield><subfield code="z">Greene County.</subfield><subfield code="2">fast</subfield><subfield code="0">(OCoLC)fst01209251</subfield></datafield><datafield ind1=" " ind2=" " tag="752"><subfield code="a">United States</subfield><subfield code="b">Alabama</subfield><subfield code="c">Greene</subfield><subfield code="d">Eutaw.</subfield></datafield><datafield ind1="0" ind2="0" tag="780"><subfield code="t">Eutaw whig and advertiser</subfield><subfield code="w">(DLC)sn 86050257</subfield></datafield><datafield ind1="0" ind2="0" tag="785"><subfield code="t">Whig and observer</subfield><subfield code="w">(DLC)sn 86050258</subfield></datafield></record>